@book{mybib:book_0001,
  author		= "J. G. Proakis",
  title		= "Digital Communications",
  edition		= "Fourth",
  publisher		= "McGraw-Hill Inc.",
  address		= "New York, NY",
  year		= "2001"
};

@book{mybib:book_0002,
  author		= "T. M. Cover and J. A. Thomas",
  title		= "Elements of Information Theory",
  publisher		= "John Wiley $\&$ Sons, Inc.",
  address		= "New York, NY",
  year		= "1991"
};

@book{mybib:book_0003,
  author		= "G. L. Stuber",
  title		= "Principles of Mobile Communication",
  edition		= "Second",
  publisher		= "Kluwer Academic Publishers",
  address		= "Norwell, MA",
  year		= "2001"
};

@book{mybib:book_0004,
  author		= "L. W. Swanson",
  title		= "Linear Programming: Basic Theory and Applications",
  publisher		= "McGraw-Hill Inc.",
  address		= "USA",
  year		= "1980"
};

@article{mybib:journal_0001,
  author		= "J. N. Laneman and D. N. C. Tse and G. W. Wornell",
  title		= "Cooperative Diversity in Wireless Networks:  
				Efficient Protocols and Outage Behavior",
  journal       	= IEEE_J_IT,
  volume        	= "50",
  month         	= dec,
  year          	= "2004",
  pages         	= "3062-3080"
};

@article{mybib:journal_0002,
  author		= "J. H. Saltzer and D. P. Reed and D. D. Clark",
  title		= "End-to-end arguments in system design",
  journal       	= "{ACM} Trans. Comput. Syst.",
  volume        	= "2",
  month         	= nov,
  year          	= "1984",
  pages         	= "277-288"
};

@article{mybib:journal_0003,
  author		= "E. Telatar",
  title		= "Capacity of Multi-antenna Gaussian channels",
  journal       	= "Eur. Trans. Telecom. ETT",
  volume        	= "10",
  month         	= nov,
  year          	= "1999",
  pages         	= "585-596"
};

@article{mybib:journal_0004,
  author		= "A. Ribeiro and X. Cai and G. B. Giannakis",
  title		= "Symbol Error Probabilities for General Cooperative Links",
  journal       	= IEEE_J_WCOM,
  volume        	= "4",
  month         	= may,
  year          	= "2005",
  pages         	= "1264-1273"
};

@article{mybib:journal_0005,
  author		= "M. O. Hasna and M. Alouini",
  title		= "Optimal Power Allocation for Relayed Transmissions Over Rayleigh-Fading Channels",
  journal       	= IEEE_J_WCOM,
  volume        	= "3",
  month         	= nov,
  year          	= "2004",
  pages         	= "1999-2004"
};



@article{mybib:mag_0001,
  author		= "D. Vassis and G. Kormentzas and A. Rouskas and I. Maglogiannis",
  title		= "The {IEEE} 802.11g Standard for High Data Rate {WLAN}s",
  journal       	= IEEE_M_NET,
  volume        	= "19",
  month         	= may,
  year          	= "2005",
  pages         	= "21-26"
};


@inproceedings{mybib:confer_0001,
  author        	= "A. Sendonaris and E. Erkip and B. Aazhang",
  title         	= "Increasing Uplink Capacity via User Cooperation Diversity",
  booktitle     	= "Proc. {IEEE} Int. Symp. on Inform. Theory",
  address       	= "Cambridge, MA",
  month         	= aug,
  year         	= "1998"
};

@inproceedings{mybib:confer_0002,
  author        	= "V. Mahinthan and J. W. Mark",
  title         	= "A Simple Cooperative Diversity Scheme based on Orthogonal Signaling",
  booktitle		= "Proc. {IEEE} Wireless Commun. and Networking Conference",
  address       	= "Waterloo, Canada",
  month         	= mar,
  year         	= "2005"
};

@inproceedings{mybib:confer_0003,
  author        	= "E. Zimmermann and P. Herhold and G. Fettweis",
  title         	= "On the Performance of Cooperative Diversity Protocols in Practical Wireless Systems",
  booktitle		= "Proc. {IEEE} Veh. Technol. Conference",
  address       	= "Dresden, Germany",
  month         	= oct,
  year         	= "2003"
};



